<record><leader>01812cam a2200457 i 4500</leader><controlfield tag="001">6766100</controlfield><controlfield tag="003">OCoLC</controlfield><controlfield tag="005">20141212122054.0</controlfield><controlfield tag="008">140609s2015    enk      b    001 0 eng  </controlfield><datafield ind1=" " ind2=" " tag="010"><subfield code="a">  2014010951</subfield></datafield><datafield ind1=" " ind2=" " tag="020"><subfield code="a">9780415841412 (Hardback : alk. paper)</subfield></datafield><datafield ind1=" " ind2=" " tag="020"><subfield code="a">0415841410 (Hardback : alk. paper)</subfield></datafield><datafield ind1=" " ind2=" " tag="020"><subfield code="z">9780415841429 (Paperback : alk. paper)</subfield></datafield><datafield ind1=" " ind2=" " tag="020"><subfield code="a">0415841429 (Paperback : alk. paper)</subfield></datafield><datafield ind1=" " ind2=" " tag="020"><subfield code="z">9781315754734 (Ebook)</subfield></datafield><datafield ind1=" " ind2=" " tag="035"><subfield code="a">ocn882620035</subfield></datafield><datafield ind1=" " ind2=" " tag="040"><subfield code="a">DLC</subfield><subfield code="b">eng</subfield><subfield code="e">rda</subfield><subfield code="c">DLC</subfield><subfield code="d">YDX</subfield><subfield code="d">YDXCP</subfield><subfield code="d">UAB</subfield></datafield><datafield ind1=" " ind2=" " tag="042"><subfield code="a">pcc</subfield></datafield><datafield ind1="0" ind2="0" tag="050"><subfield code="a">JA66</subfield><subfield code="b">.T35 2015</subfield></datafield><datafield ind1="0" ind2="0" tag="082"><subfield code="a">320</subfield><subfield code="2">23</subfield></datafield><datafield ind1=" " ind2=" " tag="090"><subfield code="a">JA 66 T35 2015</subfield><subfield code="b">AEU</subfield></datafield><datafield ind1=" " ind2=" " tag="090"><subfield code="a">JA66 .T35 2015</subfield><subfield code="b">AEGMCT</subfield></datafield><datafield ind1="1" ind2=" " tag="100"><subfield code="a">Jackson, Nigel A.,</subfield><subfield code="e">author.</subfield></datafield><datafield ind1="1" ind2="0" tag="245"><subfield code="a">Politics :</subfield><subfield code="b">the basics /</subfield><subfield code="c">Nigel A. Jackson and Stephen D. Tansey.</subfield></datafield><datafield ind1=" " ind2=" " tag="250"><subfield code="a">Fifth edition.</subfield></datafield><datafield ind1=" " ind2="1" tag="264"><subfield code="a">London ;</subfield><subfield code="a">New York :</subfield><subfield code="b">Routledge, Taylor &amp; Francis Group,</subfield><subfield code="c">2015.</subfield></datafield><datafield ind1=" " ind2=" " tag="300"><subfield code="a">xvi, 268 pages ;</subfield><subfield code="c">21 cm</subfield></datafield><datafield ind1=" " ind2=" " tag="336"><subfield code="a">text</subfield><subfield code="b">txt</subfield><subfield code="2">rdacontent</subfield></datafield><datafield ind1=" " ind2=" " tag="337"><subfield code="a">unmediated</subfield><subfield code="b">n</subfield><subfield code="2">rdamedia</subfield></datafield><datafield ind1=" " ind2=" " tag="338"><subfield code="a">volume</subfield><subfield code="b">nc</subfield><subfield code="2">rdacarrier</subfield></datafield><datafield ind1="1" ind2=" " tag="490"><subfield code="a">The basics</subfield></datafield><datafield ind1=" " ind2=" " tag="500"><subfield code="a">Stephen D. Tansey was the first listed author of the previous four editions.</subfield></datafield><datafield ind1=" " ind2=" " tag="504"><subfield code="a">Includes bibliographical references and index.</subfield></datafield><datafield ind1=" " ind2=" " tag="596"><subfield code="a">16 29 43</subfield></datafield><datafield ind1=" " ind2="0" tag="650"><subfield code="a">Political science.</subfield></datafield><datafield ind1="1" ind2=" " tag="700"><subfield code="a">Tansey, Stephen D.,</subfield><subfield code="d">1942-</subfield><subfield code="e">author.</subfield></datafield><datafield ind1=" " ind2="0" tag="830"><subfield code="a">Basics (Routledge (Firm))</subfield></datafield><datafield ind1=" " ind2=" " tag="949"><subfield code="a">JA 66 T35 2015</subfield><subfield code="c">1</subfield><subfield code="h">UAAU-B</subfield><subfield code="i">0162035215647</subfield></datafield><datafield ind1=" " ind2=" " tag="926"><subfield code="a">JA 66 T35 2015</subfield><subfield code="w">LC</subfield><subfield code="c">1</subfield><subfield code="i">0162035215647</subfield><subfield code="d">4/1/2016</subfield><subfield code="e">12/13/2015</subfield><subfield code="l">ON_SHELF</subfield><subfield code="m">UAAUG</subfield><subfield code="n">3</subfield><subfield code="p">$150.00</subfield><subfield code="r">Y</subfield><subfield code="s">Y</subfield><subfield code="t">BOOK</subfield><subfield code="u">1/6/2015</subfield></datafield><datafield ind1=" " ind2=" " tag="926"><subfield code="a">JA66 .T35 2015</subfield><subfield code="w">LC</subfield><subfield code="c">1</subfield><subfield code="i">1007433533</subfield><subfield code="d">1/29/2015</subfield><subfield code="l">ON_SHELF</subfield><subfield code="m">GR_MACEWAN</subfield><subfield code="p">$32.23</subfield><subfield code="r">Y</subfield><subfield code="s">Y</subfield><subfield code="t">BOOK</subfield><subfield code="u">1/20/2015</subfield></datafield><datafield ind1=" " ind2=" " tag="926"><subfield code="a">JA 66 T35 2015</subfield><subfield code="w">LC</subfield><subfield code="c">1</subfield><subfield code="i">0162035231156</subfield><subfield code="d">2/11/2016</subfield><subfield code="e">1/20/2016</subfield><subfield code="l">ON_SHELF</subfield><subfield code="m">UAHSS</subfield><subfield code="n">5</subfield><subfield code="p">$150.00</subfield><subfield code="r">Y</subfield><subfield code="s">Y</subfield><subfield code="t">BOOK</subfield><subfield code="u">1/28/2015</subfield></datafield></record>